@Article{WhatEveryComputerScientist,
  author  = {Goldberg, David},
  journal = {ACM Computing Surveys},
  title   = {What every computer scientist should know about floating-point arithmetic},
  year    = {1991},
  pages   = {5-48},
  volume  = {23},
  doi     = {10.1145/103162.103163},
  url     = {https://dl.acm.org/doi/10.1145/103162.103163},
}

@Electronic{HollerithConstant,
  author       = {Wikipedia},
  organization = {Wikipedia},
  title        = {Hollerith Constant},
  url          = {https://en.wikipedia.org/wiki/Hollerith_constant},
  year         = {2023},
}

@Electronic{BafflingCode,
  author       = {de Ridder, Patrick},
  organization = {Fortran discourse},
  title        = {Code that baffles me. Could someone please explain?},
  url          = {https://fortran-lang.discourse.group/t/code-that-baffles-me-could-someone-please-explain/6005},
}

@Electronic{F66DoLoops,
  author       = {Intel~Fortran~documentation},
  organization = {Intel},
  title        = {f66},
  url          = {https://www.intel.com/content/www/us/en/docs/fortran-compiler/developer-guide-reference/2023-0/f66.html},
}

@Electronic{F66Explanation,
  author = {Shepard, Ron},
  month  = jun,
  title  = {Explanation of FORTRAN 66 do-loops},
  url    = {https://fortran-lang.discourse.group/t/cancelled-fortran-monthly-call-june-2023/5987/15},
  year   = {2023},
}

@Article{GOTOHarmful,
  author  = {DIjkstra, Esdger W.},
  journal = {Communications of the ACM},
  title   = {Letters to the editor: go to statement consdered harmful},
  year    = {1968},
  pages   = {147-148},
  volume  = {11},
  doi     = {10.1145/362929.362947},
  url     = {https://dl.acm.org/doi/10.1145/362929.362947},
}

@Electronic{DrFortranImplicit,
  author = {Lionel, Steve},
  month  = sep,
  title  = {Doctor {Fortran} in {“IMPLICIT Dissent”}},
  url    = {https://stevelionel.com/drfortran/2021/09/18/doctor-fortran-in-implicit-dissent/},
  year   = {2021},
}

@TechReport{Fortran90Standard,
  author      = {ISO/IEC},
  institution = {ISO/IEC},
  title       = {Fortran 90},
  year        = {1991},
  type        = {Report},
  url         = {https://wg5-fortran.org/N001-N1100/N692.pdf},
}

@Electronic{IEEE754,
  author       = {Wikipedia},
  organization = {Wikipedia},
  title        = {IEEE 754},
  url          = {https://en.wikipedia.org/wiki/IEEE_754},
}

@Comment{jabref-meta: databaseType:bibtex;}
